@article{rfc5198_Uni,
	title={Unicode Format for Network Interchange},
	author={Klensin, John C and Padlipsky, Michael A},
	year={2008}
}

@article{rfc3629_UTF-8,
	title={UTF-8, a transformation format of ISO 10646},
	author={Yergeau, Francois},
	year={2003}
}

@article{rfc7252_CoAP,
	title={RFC 7252-the constrained application protocol (CoAP).” h ttp},
	author={Shelby, Z and Hartke, K and Bormann, C},
	journal={tools.ietf.org/html/rfc7252},
	year={2014}
}

@article{rfc2616_http1.1,
	title={Rfc 2616: Hypertext transfer protocol--http/1.1, 1999},
	author={Fielding, Roy and Gettys, Jim and Mogul, Jeffrey and Frystyk, Henrik and Masinter, Larry and Leach, Paul and Berners-Lee, Tim},
	journal={\url{http://www.rfc.net/rfc2616.html}},
	year={2009}
}

@article{rfc2822_resnick_int_message_format,
	title={RFC2822: Internet message format},
	author={Resnick, P and others},
	journal={IETF (Standards Track) Request for Comments},
	volume={2822},
	year={2001}
}

@misc{rfc2045_freed_borestein_mime,
	title={RFC2045 Multipurpose Internet Mail Extensions (MIME) part one: format of Internet message bodies},
	author={Freed, Ned},
	howpublished={\url{https://www.ietf.org/rfc/rfc2045.txt}},
	note={Acessado em: 20-08-2015},
	year={1996},
	publisher={IETF Draft Standard}
}

@phdthesis{fielding_rest,
	title={Architectural styles and the design of network-based software architectures},
	author={Fielding, Roy Thomas},
	year={2000},
	school={University of California, Irvine}
}

@misc{rfc6690_core_link_format,
	title={RFC6690: Constrained RESTful Environments (CoRE) Link Format},
	author={Shelby, Z},
	year={2012}
}

@article{coap_mqtt_artigo,
	title={Estudos dos protocolos de comunica{\c{c}}{\~a}o MQTT e CoAP para aplica{\c{c}}{\~o}es machine-to-machine e internet das coisas},
	author={Martins, Ismael Rodrigues and Zem, Jos{\'e} Lu{\'\i}s},
	journal={Americana},
	volume={3},
	number={1},
	pages={64--87},
	year={2015}
}

@mastersthesis{hirataprotocols,
	year = {2002},
	author = {HIRATA, Renato},
	title = {Otimizando Servidores Web de Alta Demanda},
	address = {Campinas},
	school = {UNICAMP},
}

@book{tanenbaumredes,
	edition = {Quarta},
	year = {2003},
	author = {TANENBAUM, Andrew S.},
	title = {Redes de Computadores},
	publisher = {Elsevier Brasil},
}

@misc{rfclocaweb,
	title={RFC - Locaweb},
	howpublished={\url{http://wiki.locaweb.com/pt-br/RFC}},
	note={Acessado em: 05-08-2015},
	year={2015}
}

@misc{modulo_esp8266,
	title={Módulo ESP8266},
	howpublished={\url{http://www.embarcados.com.br/modulo-esp8266/}},
	note={Acessado em: 13-08-2015},
	year={2015}
}

@misc{microcoap,
	title={micro\_coap},
	author={JAFFEY, T.},
	howpublished={\url{https://github.com/1248/microcoap}},
	note={Acessado em: 05-08-2015},
	year={2015}
}

@misc{gomes_rest_url,
	month = {Outubro},
	year = {2008},
	author = {GOMES, A. F.},
	title = {Uma r\'apida Introdu\c{c}{\~a}o ao REST},
	howpublished={http://www.infoq.com/br/articles/rest-introduction},
	note={Acessado em: 20-08-2015}
}

@misc{espressif_ref,
	title={espressif},
	howpublished={\url{http://espressif.com/}},
	note={Acessado em: 2015-10-15},
	year={2015}
}

@misc{rtos_esp8266_ref,
	title={ESP8266_RTOS_SDK},
	howpublished={\url{https://github.com/espressif/ESP8266_RTOS_SDK}},
	note={Acessado em: 2015-10-20},
	year={2015}
}

@misc{devkit_windows_ref,
	author = {GRIGOREV. M},
	title={ESP8266 Devkit for Windows},
	howpublished={\url{http://www.esp8266.com/viewtopic.php?t=820}},
	note={Acessado em: 2015-10-20},
	year={2015}
}

@misc{vmware_player_ref,
	title={VMWare Player},
	howpublished={\url{http://www.vmware.com/br/products/player}},
	note={Acessado em: 2015-08-20},
	year={2015}
}

@misc{ubuntu_ref,
	title={Ubuntu},
	howpublished={\url{http://www.ubuntu.com/download}},
	note={Acessado em: 2015-08-20},
	year={2015}
}
@misc{linux_mint_ref,
	title={Linux Mint},
	howpublished={\url{http://linuxmint.com/}},
	note={Acessado em: 2015-08-20},
	year={2015}
}
@misc{putty_ref,
	title={Putty},
	howpublished={\url{http://www.chiark.greenend.org.uk/~sgtatham/putty/download.html}},
	note={Acessado em: 2015-10-20},
	year={2015}
}

@misc{eclipse_ref,
	title={Eclipse},
	howpublished={\url{https://eclipse.org/downloads/}},
	note={Acessado em: 2015-10-20},
	year={2015}
}

@misc{soap_ui_ref,
	title		=	{SOAP UI},
	howpublished=	{\url{http://www.soapui.org/}},
	note		=	{Acessado em: 2015-09-20},
	year		=	{2015}
}

@misc{cliente_servidor_coap,
	title		=	{CoAP - Cliente_Servidor},
	author		= {Coletto. M},
	howpublished=	{\url{https://github.com/mikael04/client_server_coap}},
	note		=	{Acessado em: 22-11-2015},
	year		=	{2015}
}

@misc{esp8266_site,
title		=	{Módulo ESP8266},
author		= {CURVELHO. A},
howpublished=	{\url{http://www.embarcados.com.br/modulo-esp8266/}},
note		=	{Acessado em: 22-11-2015,
}

http://www.embarcados.com.br/modulo-esp8266/